
@book{bratton_stack_2015,
	location = {Cambridge, Massachusetts},
	title = {The stack: on software and sovereignty},
	isbn = {978-0-262-02957-5},
	series = {Software studies},
	shorttitle = {The stack},
	pagetotal = {502},
	publisher = {{MIT} Press},
	author = {Bratton, Benjamin H.},
	date = {2015},
	keywords = {Computer software, Human factors, Political aspects, Social aspects, Ubiquitous computing}
}